@techreport{irtf-cfrg-hpke-12,
    number =      {draft-irtf-cfrg-hpke-12},
    type =        {Internet-Draft},
    institution = {Internet Engineering Task Force},
    publisher =   {Internet Engineering Task Force},
    note =        {Work in Progress},
    url =         {https://datatracker.ietf.org/doc/html/draft-irtf-cfrg-hpke-12},
    author =      {Richard Barnes and Karthikeyan Bhargavan and Benjamin Lipp and Christopher A. Wood},
    title =       {{Hybrid Public Key Encryption}},
    pagetotal =   105,
    year =        2021,
    month =       sep,
    day =         2,
}

@inproceedings{BC2000AC,
  author    = {Mihir Bellare and
               Chanathip Namprempre},
  title     = {Authenticated Encryption: Relations among Notions and Analysis of
               the Generic Composition Paradigm},
  booktitle = {{ASIACRYPT}},
  series    = {Lecture Notes in Computer Science},
  volume    = {1976},
  pages     = {531--545},
  publisher = {Springer},
  year      = {2000}
}

@inproceedings{BBDP01AC,
  author    = {Mihir Bellare and
               Alexandra Boldyreva and
               Anand Desai and
               David Pointcheval},
  title     = {Key-Privacy in Public-Key Encryption},
  booktitle = {{ASIACRYPT}},
  series    = {Lecture Notes in Computer Science},
  volume    = {2248},
  pages     = {566--582},
  publisher = {Springer},
  year      = {2001}
}