@misc{bowe19,
      author = {Sean Bowe and Ariel Gabizon and Ian Miers},
      title = {Scalable Multi-party Computation for zk-SNARK Parameters in the Random Beacon Model},
      howpublished = {Cryptology ePrint Archive, Paper 2017/1050},
      year = {2017},
      note = {\url{https://eprint.iacr.org/2017/1050}},
      url = {https://eprint.iacr.org/2017/1050}
}

@inproceedings{groth16,
  author    = {Jens Groth},
  title     = {On the Size of Pairing-Based Non-interactive Arguments},
  booktitle = {{EUROCRYPT} {(2)}},
  series    = {Lecture Notes in Computer Science},
  volume    = {9666},
  pages     = {305--326},
  publisher = {Springer},
  year      = {2016}
}

@inproceedings{KZG,
  author    = {Aniket Kate and Gregory M. Zaverucha and Ian Goldberg},
  title     = { Constant-Size Commitments to Polynomials and Their
Applications},
  booktitle = {{ASIACRYPT} {(10)}},
  series    = {Lecture Notes in Computer Science},
  volume    = {6477},
  pages     = {177--194},
  publisher = {Springer},
  year      = {2010}
}

@misc{Naehrig10,
      author = {Michael Naehrig and Ruben Niederhagen and Peter Schwabe},
      title = {New software speed records for
cryptographic pairings},
      year = {2010},
      note = {\url{https://cryptojedi.org/papers/dclxvi-20100714.pdf}},
      url = {https://cryptojedi.org/papers/dclxvi-20100714.pdf}
}

@misc{PPoT,
      author = {Ethereum Foundation Privacy and Scaling Exploration Team},
      title = {Perpetual Powers of Tau Ceremony},
      url = {https://github.com/weijiekoh/perpetualpowersoftau}
}